% CHAPTER 1
1.
@article{Maddi2023,
  author    = {Hema Latha Maddi},
  title     = {Advanced Computer Vision-Based Surveillance System for Helmet Detection and Triple Rider Identification on Motorcycles using Machine Learning},
  year      = {2023},
  journal   = {Unpublished Manuscript},
  url       = {https://Advanced_Computer_Vision-Based_Surveillance_System_for_Helmet_Detection_and_Triple_Rider_Identification_on_Motorcycles_using_Machine_Learning}
}
2.
@article{Godbole2024,
  author    = {Tanmayee Godbole and Purva Sapkal and Sujal Malapure and Shrihari Ganbavale},
  title     = {Safe Rider: Helmet Detection Using Machine Learning and Open CV},
  journal   = {International Journal for Research in Applied Science and Engineering Technology (IJRASET)},
  year      = {2024},
  url       = {https://www.ijraset.com/best-journal/safe-rider-helmet-detection-using-machine-learning-and-open-cv}
}
3.
@inproceedings{Kumar2023,
  author    = {Raman Kumar and Yogendra Kumar and Ahmed Alkhayyat and Lovneesh Sharma and Ankita Joshi and Ayush Dogra},
  title     = {Vision-Based Safety Identification and Monitoring System Using TensorFlow},
  booktitle = {International Conference on Intelligent Systems Design and Applications},
  pages     = {369--375},
  year      = {2023},
  month     = {December},
  publisher = {Springer Nature Switzerland},
  doi       = {10.1007/978-3-031-64650-8_36},
  url       = {https://link.springer.com/chapter/10.1007/978-3-031-64650-8_36}
}
4.
@article{Said2024,
  author    = {Yahia Said and Yahya Alassaf and Refka Ghodhbani and Yazan Ahmad Alsariera and Taoufik Saidani and Olfa Ben Rhaiem and Mohamad Khaled Makhdoum and Manel Hleili},
  title     = {AI-Based Helmet Violation Detection for Traffic Management System},
  journal   = {CMES-Computer Modeling in Engineering \& Sciences},
  volume    = {141},
  number    = {1},
  year      = {2024},
  doi       = {10.32604/cmes.2024.052369},
  url       = {https://doi.org/10.32604/cmes.2024.052369}
}
5.
@misc{Thakur2024,
  author    = {Vikash Kumar Thakur},
  title     = {Enhancing Safety: A Computer Vision Approach to Helmet Detection},
  year      = {2024},
  howpublished = {Medium},
  url       = {https://medium.com/@vkt08/enhancing-safety-a-computer-vision-approach-to-helmet-detection-c5a48a7275d2}
}
6.
@book{HarmsRingdahl2013,
  author    = {Lennart Harms-Ringdahl},
  title     = {Guide to Safety Analysis for Accident Prevention},
  year      = {2013},
  publisher = {IRS Riskhantering AB},
  url       = {https://irisk.se/sabook/SA-book1.pdf}
}
7.
@misc{MMDA2023,
  author    = {{Metropolitan Manila Development Authority}},
  title     = {MMDA logs 17.3\% increase in motorcycle-related crashes in 2023},
  year      = {2023},
  howpublished = {Inquirer.net News},
  url       = {https://newsinfo.inquirer.net/1927991/mmda-logs-17-3-increase-in-motorcycle-related-crashes-in-2023}
}
8.
@misc{Republic2009,
  author    = {{Republic of the Philippines}},
  title     = {Republic Act No. 10054 - Motorcycle Helmet Act of 2009},
  year      = {2009},
  howpublished = {Official Law},
  url       = {https://ltoportal.ph/ra-10054-motorcycle-helmet-act-philippines/}
}
9.
@book{Cormen2009,
  author    = {Thomas H. Cormen and Charles E. Leiserson and Ronald L. Rivest and Clifford Stein},
  title     = {Introduction to Algorithms},
  edition   = {3rd},
  year      = {2009},
  publisher = {MIT Press},
  url       = {https://archive.org/details/introduction-to-algorithms-third-edition-2009}
}
10.
@inproceedings{Redmon2020,
  author    = {Joseph Redmon and Santosh Divvala and Ross Girshick and Ali Farhadi},
  title     = {You Only Look Once: Unified, Real-Time Object Detection},
  booktitle = {Proceedings of the IEEE Conference on Computer Vision and Pattern Recognition (CVPR)},
  pages     = {779--788},
  year      = {2020},
  url       = {https://arxiv.org/abs/1506.02640}
}
11.
@book{Russell2021,
  author    = {Stuart Russell and Peter Norvig},
  title     = {Artificial Intelligence: A Modern Approach},
  edition   = {4th},
  publisher = {Pearson},
  year      = {2021},
  url       = {https://aima.cs.berkeley.edu/}
}
12.
@book{Szeliski2010,
  author    = {Richard Szeliski},
  title     = {Computer Vision: Algorithms and Applications},
  publisher = {Springer},
  year      = {2010},
  doi       = {10.1007/978-1-84882-935-0},
  url       = {https://link.springer.com/book/10.1007/978-1-84882-935-0}
}
13.
@inproceedings{Deng2020,
  author    = {Jia Deng and Wei Dong and Richard Socher and Li-Jia Li and Kai Li and Li Fei-Fei},
  title     = {ImageNet: A Large-Scale Hierarchical Image Database},
  booktitle = {2009 IEEE Conference on Computer Vision and Pattern Recognition},
  pages     = {248--255},
  year      = {2020},
  publisher = {IEEE},
  doi       = {10.1109/CVPR.2009.5206848},
  url       = {https://ieeexplore.ieee.org/document/5206848}
}
14.
@article{Hayat2022,
  author    = {Ahatsham Hayat and Fernando Morgado-Dias},
  title     = {Deep Learning-Based Automatic Safety Helmet Detection System for Construction Safety},
  journal   = {Applied Sciences},
  volume    = {12},
  number    = {16},
  pages     = {8268},
  year      = {2022},
  doi       = {10.3390/app12168268}
}
15.
@inproceedings{Tian2019,
  author    = {Zhi Tian and Chunhua Shen and Hao Chen and Tong He},
  title     = {FCOS: Fully Convolutional One-Stage Object Detection},
  booktitle = {Proceedings of the IEEE/CVF International Conference on Computer Vision (ICCV)},
  pages     = {9627--9636},
  year      = {2019},
  doi       = {10.1109/ICCV.2019.00972}
}
16.
@article{Kim2022,
  author    = {Hyunduk Kim and Myoung-Kyu Sohn and Sang-Heon Lee},
  title     = {Development of a Real-Time Automatic Passenger Counting System using Head Detection Based on Deep Learning},
  journal   = {Journal of Information Processing Systems},
  volume    = {18},
  number    = {3},
  pages     = {428--442},
  year      = {2022},
  doi       = {10.3745/JIPS.04.0246}
}
17.
@misc{OxfordRef,
  author    = {{Oxford Reference}},
  title     = {Road safety},
  howpublished = {In \textit{A Dictionary of Public Health}},
  publisher = {Oxford University Press},
  url       = {https://www.oxfordreference.com/display/10.1093/acref/9780199218707.001.0001/acref-9780199218707-e-3052}
}
18.
@misc{MerriamHelmet,
  author    = {{Merriam-Webster}},
  title     = {Helmet},
  howpublished = {Merriam-Webster.com Dictionary},
  url       = {https://www.merriam-webster.com/dictionary/helmet}
}
19.
@misc{BritannicaTraffic,
  author    = {{Encyclopaedia Britannica}},
  title     = {Traffic control},
  year      = {n.d.},
  url       = {https://www.britannica.com/technology/traffic-control}
}
20.
@misc{BritannicaLaw,
  author    = {{Encyclopaedia Britannica}},
  title     = {Law enforcement},
  year      = {n.d.},
  url       = {https://www.britannica.com/topic/law-enforcement}
}
21.
@book{Goodfellow2016,
  author    = {Ian Goodfellow and Yoshua Bengio and Aaron Courville},
  title     = {Deep Learning},
  year      = {2016},
  publisher = {MIT Press},
  url       = {https://www.deeplearningbook.org/}
}
22.
@book{Gonzalez2018,
  author    = {Rafael C. Gonzalez and Richard E. Woods},
  title     = {Digital Image Processing},
  edition   = {4th},
  publisher = {Pearson},
  year      = {2018},
  url       = {https://www.pearson.com/store/p/digital-image-processing/P100000006584}
}
23.
@misc{WHO2018,
  author    = {{World Health Organization}},
  title     = {Helmet use saves lives},
  year      = {2018},
  howpublished = {Fact sheet},
  url       = {https://www.who.int/news-room/fact-sheets/detail/road-traffic-injuries}
}


% CHAPTER 2


% 1
@misc{choubey2025helmet,
  author    = {Rajnandani Choubey and Saloni Sharma and Saloni Mourya and Aditya Narayan and Dhruv Bhargav},
  title     = {Helmet and Number Plate Detection by Using YOLO and OpenCV},
  year      = {2025},
  howpublished = {\url{https://www.researchgate.net/profile/Ijeasm-Journal/publication/388218838_Helmet_and_Number_plate_detection_by_using_yolo_and_open_cv/links/678f7986ec3ae3435a72778d/Helmet-and-Number-plate-detection-by-using-yolo-and-open-cv.pdf}}
}


% 2
@article{terven2022comprehensive,
  author    = {Juan Terven and Diana-Margarita C{\'o}rdova-Esparza and Julio-Alejandro Romero-Gonz{\'a}lez},
  title     = {A Comprehensive Review of YOLO Architectures in Computer Vision: From YOLOv1 to YOLOv8 and YOLO-NAS},
  journal   = {AI},
  volume    = {5},
  number    = {4},
  pages     = {83},
  year      = {2022},
  publisher = {MDPI},
  url       = {https://www.mdpi.com/2504-4990/5/4/83}
}


% 3
@inproceedings{tomas2023motorcycle,
  author    = {John Paul Q. Tomas and Bonifacio T. Doma},
  title     = {Motorcycle Helmet Detection and Usage Classification in the Philippines using YOLOv5 Algorithm},
  booktitle = {Proceedings of the ACM International Conference on Computing and Data Science (ICCDS 2023)},
  year      = {2023},
  doi       = {10.1145/3581792.3581796}
}


% 4
@article{jiang2022review,
  author    = {Peiyuan Jiang and Daji Ergu and Fangyao Liu and Ying Cai and Bo Ma},
  title     = {A review of YOLO algorithm developments},
  journal   = {Procedia Computer Science},
  volume    = {199},
  pages     = {1066--1073},
  year      = {2022},
  publisher = {Elsevier},
  url       = {https://www.sciencedirect.com/science/article/pii/S1877050922001363}
}


% 5
@misc{soltanikazemi2023helmet,
  author    = {Elham Soltanikazemi and Ashwin Dhakal and Bijaya Hatuwal and Imad Eddine Toubal},
  title     = {Real-Time Helmet Violation Detection in AI City Challenge 2023 with Genetic Algorithm-Enhanced YOLOv5},
  year      = {2023},
  howpublished = {\url{https://www.researchgate.net/publication/377236120}}
}


% 6
@misc{singh2024visual,
  author    = {Surendra Singh},
  title     = {Visual Vigilance: Enhancing Helmet Recognition Through Computer Vision},
  year      = {2024},
  howpublished = {\url{https://www.researchgate.net/publication/382495810}}
}


% 7
@article{ong2022vehicle,
  author    = {K.W. Ong and S.L. Loh and T.H. Cheong},
  title     = {Vehicle Classification Using Neural Networks and Image Processing},
  journal   = {International Journal of Electrical Engineering and Applied Sciences (IJEEAS)},
  volume    = {5},
  number    = {2},
  year      = {2022},
  doi       = {10.54554/ijeeas.2022.5.02.006}
}


% 8


% 9
@article{radovan2024passenger,
  author    = {Aleksander Radovan and Leo Mr{\v{s}}i{\'c} and Goran {\DJ}ambi{\'c} and Branko Mihaljevi{\'c}},
  title     = {A review of passenger counting systems based on image processing and machine learning},
  journal   = {Proceedings of the International Conference on Transportation Engineering and Systems},
  year      = {2024},
  url       = {https://www.mdpi.com/2673-4117/5/4/172}
}


% 10
@inproceedings{chandrika2020vehicle,
  author    = {Roopa R. Chandrika and N. Gowri Ganesh and A. Mummoorthy and K. Karthick Raghunath},
  title     = {Vehicle Detection and Classification Using Image Processing},
  booktitle = {Proceedings of the 2019 International Conference on Emerging Trends in Science and Engineering (ICESE)},
  volume    = {1},
  pages     = {1--6},
  year      = {2020},
  publisher = {IEEE},
  doi       = {10.1109/ICESE46178.2019.9194678}
}


% 11
@inproceedings{afzal2021helmet,
  author    = {Adil Afzal and Hafiz Siddiq Umer and Zeeshan Khan and Muhammad Usman Ghani Khan},
  title     = {Automatic helmet violation detection of motorcyclists from surveillance videos using Deep Learning Approaches of Computer Vision},
  booktitle = {2021 International Conference on Artificial Intelligence (ICAI)},
  year      = {2021},
  doi       = {10.1109/ICAI52203.2021.9445206}
}


% 12
@inproceedings{kumar2024realtime,
  author    = {Abhash Kumar and M. S. Guru Prasad and Dheeraj Soni and Vibha Rani and Kanika Arora and D. R. Ganesh},
  title     = {Real-Time Helmet Detection System with Vehicle Number Extraction for Two-Wheeler Vehicles using YOLOv8},
  booktitle = {Proceedings of the 2nd International Conference on Advancement in Computation \& Computer Technologies (InCACCT)},
  pages     = {672--676},
  year      = {2024},
  publisher = {IEEE},
  url       = {https://ieeexplore.ieee.org/document/10551102}
}


% 13




% 14
@inproceedings{muhammad2024helmet,
  author    = {Fadil Muhammad and Ismail Bintang and Rian Fahrizal and Ceri Ahendyarti and Romi Wiryadinata and Imamul Muttakin},
  title     = {Real-Time Motorcyclist Helmet Detection using YOLOv8 on Edge Device},
  booktitle = {2024 International Conference on Informatics Electrical and Electronics (ICIEE)},
  pages     = {1--7},
  year      = {2024},
  publisher = {IEEE},
  doi       = {10.1109/ICIEE63403.2024.10920426}
}


% 15
@inproceedings{giron2020motorcycle,
  author    = {Nemuel Norman F. Giron and Robert Kerwin C. Billones and Alexis M. Fillone and Jay Robert Del Rosario and Melvin K. Cabatuan and Argel A. Bandala and Elmer P. Dadios},
  title     = {Motorcycle Rider Helmet Detection for Riding Safety and Compliance Using Convolutional Neural Networks},
  booktitle = {Proceedings of the IEEE Conference},
  year      = {2020},
  url       = {https://ieeexplore.ieee.org/document/9400149}
}


% 16
@article{siebert2024urban,
  author    = {Felix Wilhelm Siebert and Christoffer Riis and Frederik Boe H{\"u}ttel},
  title     = {365: Urban motorcycle helmet use surveillance in Southeast Asia – a cost-efficient computer vision approach},
  journal   = {Injury Prevention},
  year      = {2024},
  doi       = {10.1136/injuryprev-2024-SAFETY.181}
}


% 17
@article{rendon2023passenger,
  author    = {William David Moreno Rendon and Carolina Burgos Anillo and Daniel Jaramillo-Ramirez and Henry Carrillo},
  title     = {Passenger Counting in Mass Public Transport Systems using Computer Vision and Deep Learning},
  journal   = {IEEE Latin America Transactions},
  volume    = {21},
  number    = {4},
  pages     = {537--545},
  year      = {2023},
  doi       = {10.1109/TLA.2023.10128885}
}


% 18
@inproceedings{bhatt2024ai,
  author    = {Kartikeya Bhatt and Abhishek Joshi and Gaurav Singh and Vikrant Sharma and Satvik Vats},
  title     = {AI Guardian on the Road: Harnessing Machine Learning for Two-Wheeler Helmet Detection},
  booktitle = {Proceedings of the 2024 International Conference on Computational Intelligence and Computer Applications (ICCICA)},
  year      = {2024},
  doi       = {10.1109/iccica60014.2024.10585188}
}


% 19
@inproceedings{kumar2023vision,
  author    = {Raman Kumar and Yogendra Kumar and Ahmed Alkhayyat and Lovneesh Sharma and Ankita Joshi and Ayush Dogra},
  title     = {Vision-Based Safety Identification and Monitoring System Using TensorFlow},
  booktitle = {International Conference on Intelligent Systems Design and Applications},
  pages     = {369--375},
  year      = {2023},
  publisher = {Springer Nature Switzerland},
  url       = {https://link.springer.com/chapter/10.1007/978-3-031-64650-8_36}
}


% 20
@article{satheesh2024automated,
  author    = {Kavuri K. S. V. A. Satheesh and Nandam Sai Akhila and Dondapati Amarnadh and Paruchuri Sagar Swetha and Avula Venkata Sohan and Vasireddy Pardhiv},
  title     = {Automated Helmet Monitoring System Using Deep Learning},
  journal   = {EPRA International Journal},
  year      = {2024},
  doi       = {10.36713/epra16328}
}


% 20
@article{satheesh2024automated,
  author    = {Kavuri K. S. V. A. Satheesh and Nandam Sai Akhila and Dondapati Amarnadh and Paruchuri Sagar Swetha and Avula Venkata Sohan and Vasireddy Pardhiv},
  title     = {Automated Helmet Monitoring System Using Deep Learning},
  journal   = {EPRA International Journal},
  year      = {2024},
  doi       = {10.36713/epra16328}
}


% 21


% 22
@article{mutyala2023helmet,
  author    = {Pavan Mutyala and Chandrika Gali and Jaidev Chivakula and Venkatesh Duggirala and P. Padmaja},
  title     = {Automated Helmet Detection System Using RT-DETR for Real-Time Monitoring of Motorcyclist Safety},
  journal   = {International Journal of Scientific Research in Engineering and Management},
  year      = {2023},
  doi       = {10.55041/IJSREM40150}
}




% 23
@misc{yenugonda2023advanced,
  author    = {Manikanta Yenugonda and Hema Latha Maddi},
  title     = {Advanced Computer Vision-Based Surveillance System for Helmet Detection and Triple Rider Identification on Motorcycles using Machine Learning},
  year      = {2023},
  url       = {https://Advanced_Computer_Vision-Based_Surveillance_System_for_Helmet_Detection_and_Triple_Rider_Identification_on_Motorcycles_using_Machine_Learning}
}






% 24
@incollection{sharma2024vision,
  author    = {Sharma, L.},
  title     = {Vision-Based Safety Identification and Monitoring System Using TensorFlow},
  booktitle = {Intelligent Systems Design and Applications: Information and Network Security},
  volume    = {3},
  pages     = {369},
  year      = {2024},
  doi       = {10.1007/978-3-031-64650-8_36}
}


% 25




% 26
@misc{gfg2021yolo,
  author    = {{GeeksforGeeks}},
  title     = {YOLO -- You Only Look Once (Real-time Object Detection)},
  year      = {2021},
  note      = {Accessed April 22, 2025},
  url       = {https://www.geeksforgeeks.org/yolo-you-only-look-once-real-time-object-detection/?ref=ml_lbp}
}


% 27
@misc{kili2023yolo,
  author    = {{Kili Technology}},
  title     = {YOLO Algorithm: Real-Time Object Detection from A to Z},
  year      = {2023},
  note      = {Accessed April 29, 2025},
  url       = {https://kili-technology.com/data-labeling/machine-learning/yolo-algorithm-real-time-object-detection-from-a-to-z}
}


% 28
@incollection{prakash2024study,
  author    = {Immidisetty V. Prakash and M. Palanivelan},
  title     = {A Study of YOLO (You Only Look Once) to YOLOv8},
  booktitle = {Algorithms in Advanced Artificial Intelligence},
  pages     = {257--266},
  publisher = {CRC Press},
  year      = {2024},
  doi       = {10.1201/9781003529231-40}
}


% 29
@inproceedings{karthika2024automated,
  author    = {B. Karthika and M. Dharssinee and V. Reshma and R. Venkatesan and R. Sujarani},
  title     = {Automated object detection and recognition using YOLOv8},
  booktitle = {Proceedings of the International Conference on Communication, Computing, and Networks Technologies (ICCCNT)},
  year      = {2024},
  publisher = {IEEE},
  doi       = {10.1109/ICCCNT61001.2024.10724411}
}


% 30
@article{hussain2024yolo,
  author    = {Muhammad Hussain},
  title     = {YOLOv5, YOLOv8 and YOLOv10: The Go-To Detectors for Real-time Vision},
  journal   = {arXiv preprint arXiv:2407.02988},
  year      = {2024},
  doi       = {10.48550/arXiv.2407.02988}
}


31
@inproceedings{Varghese2024,
  author    = {Rejin Varghese and M. Sambath},
  title     = {Yolov8: A novel object detection algorithm with enhanced performance and robustness},
  booktitle = {Proceedings of the 2024 International Conference on Advances in Data Engineering and Intelligent Computing Systems (ADICS)},
  year      = {2024},
  month     = {April},
  pages     = {1--6},
  publisher = {IEEE},
  doi       = {10.1109/ADICS58448.2024.10533619}
}
32
@article{Safaldin2024,
  author    = {Mukaram Safaldin and Nizar Zaghden and Mahmoud Mejdoub},
  title     = {An improved YOLOv8 to detect moving objects},
  journal   = {IEEE Access},
  volume    = {12},
  pages     = {59782--59806},
  year      = {2024},
  doi       = {10.1109/ACCESS.2024.3393835}
}
33
@article{Sanjana2021,
  author    = {S. Sanjana and S. Sanjana and V. R. Shriya and M. Sandeep and R. Vaibhav},
  title     = {A Review on Various Methodologies Used for Vehicle Classification, Helmet Detection and Number Plate Recognition},
  journal   = {Evolutionary Intelligence},
  volume    = {14},
  pages     = {979--987},
  year      = {2021},
  doi       = {10.1007/s12065-020-00493-7}
}


@article{Espinosa2021,
  author    = {Jorge E. Espinosa and Sergio A. Velast{\'i}n and John W. Branch},
  title     = {Detection of Motorcycles in Urban Traffic Using Video Analysis: A Review},
  journal   = {IEEE Transactions on Intelligent Transportation Systems},
  volume    = {22},
  number    = {10},
  pages     = {6115--6130},
  year      = {2021},
  doi       = {10.1109/TITS.2020.2997084}
}








%% Chapter 3
1
@inproceedings{Lassenius2001,
  author    = {Casper Lassenius and Timo Soininen and Jari Vanhanen},
  title     = {Constructive Research},
  booktitle = {Proceedings of the 26th Information Systems Research Seminar in Scandinavia (IRIS 26)},
  year      = {2001},
  url       = {https://www.pm.lth.se/fileadmin/_migrated/content_uploads/3._constructive_research.pdf},
  note      = {Accessed: 2025-04-22}
}
2
@inproceedings{Muhammad2024,
  author    = {Fadil Muhammad and Ismail Bintang and Rian Fahrizal and Ceri Ahendyarti and Romi Wiryadinata and Imamul Muttakin},
  title     = {Real-Time Motorcyclist Helmet Detection using YOLOv8 on Edge Device},
  booktitle = {Proceedings of the 2024 International Conference on Informatics Electrical and Electronics (ICIEE)},
  year      = {2024},
  month     = {December},
  publisher = {IEEE},
  doi       = {10.1109/ICIEE63403.2024.10920426}
}
3
@article{Terven2023,
  author    = {Juan Terven and Diana-Margarita C{\'o}rdova-Esparza and Julio-Alejandro Romero-Gonz{\'a}lez},
  title     = {A Comprehensive Review of YOLO Architectures in Computer Vision: From YOLOv1 to YOLOv8 and YOLO-NAS},
  journal   = {Machine Learning and Knowledge Extraction},
  volume    = {5},
  number    = {4},
  pages     = {1680--1716},
  year      = {2023},
  month     = {November},
  doi       = {10.3390/make5040083}
}
4
@misc{ThePythonCode2021,
  author    = {{ThePythonCode}},
  title     = {Non-Maximum Suppression using OpenCV in Python},
  year      = {2021},
  howpublished = {\url{https://thepythoncode.com/article/non-maximum-suppression-using-opencv-in-python}},
  note      = {Accessed: 2025-04-22}
}


